{"e":"depthUpdate","E":1752433492288,"s":"BTCUSDT","U":2785678340,"u":2785678342,"b":[],"a":[["119055.60000000","0.00060000"],["120151.93000000","0.00052000"]]}
{"e":"depthUpdate","E":1752433493288,"s":"BTCUSDT","U":2785678343,"u":2785678348,"b":[],"a":[["119073.80000000","0.00000000"],["119088.40000000","0.29301000"],["119223.99000000","0.00000000"],["119233.99000000","0.10010000"],["120151.93000000","0.00000000"],["148728.87000000","0.00036000"]]}
{"e":"depthUpdate","E":1752433494288,"s":"BTCUSDT","U":2785678349,"u":2785678351,"b":[],"a":[["119055.60000000","0.00000000"],["120151.93000000","0.00052000"],["148728.87000000","0.00036000"]]}
{"e":"depthUpdate","E":1752433495288,"s":"BTCUSDT","U":2785678352,"u":2785678354,"b":[],"a":[["119073.80000000","0.29301000"],["119088.40000000","0.00000000"],["119223.99000000","0.10010000"],["119233.99000000","0.00000000"],["120151.93000000","0.00000000"]]}
{"e":"depthUpdate","E":1752433496288,"s":"BTCUSDT","U":2785678355,"u":2785678359,"b":[],"a":[["119073.80000000","0.29301000"],["119088.40000000","0.00000000"],["119223.99000000","0.00000000"],["119233.99000000","0.10010000"],["120151.93000000","0.00052000"],["148728.87000000","0.00036000"]]}
{"e":"depthUpdate","E":1752433497288,"s":"BTCUSDT","U":2785678360,"u":2785678364,"b":[],"a":[["119055.60000000","0.00060000"],["119223.99000000","0.10010000"],["119233.99000000","0.00000000"],["120151.93000000","0.00052000"],["148728.87000000","0.00045000"]]}
{"e":"depthUpdate","E":1752433498288,"s":"BTCUSDT","U":2785678365,"u":2785678367,"b":[],"a":[["120151.93000000","0.00000000"],["121934.44000000","0.00058000"],["148728.87000000","0.00036000"]]}
{"e":"depthUpdate","E":1752433499289,"s":"BTCUSDT","U":2785678368,"u":2785678370,"b":[],"a":[["119055.60000000","0.00000000"],["120151.93000000","0.00052000"],["121934.44000000","0.00000000"]]}
{"e":"depthUpdate","E":1752433500289,"s":"BTCUSDT","U":2785678371,"u":2785678376,"b":[],"a":[["119055.60000000","0.00060000"],["119073.80000000","0.00000000"],["119088.40000000","0.29301000"],["119223.99000000","0.00000000"],["119233.99000000","0.10010000"],["120151.93000000","0.00000000"],["121934.44000000","0.00058000"],["148728.87000000","0.00027000"]]}
{"e":"depthUpdate","E":1752433501289,"s":"BTCUSDT","U":2785678377,"u":2785678382,"b":[],"a":[["119073.80000000","0.00000000"],["119088.40000000","0.29301000"],["119223.99000000","0.00000000"],["119233.99000000","0.10010000"],["120151.93000000","0.00052000"],["121934.44000000","0.00000000"]]}
{"e":"depthUpdate","E":1752433502289,"s":"BTCUSDT","U":2785678383,"u":2785678390,"b":[],"a":[["119073.80000000","0.00000000"],["119088.40000000","0.29301000"],["119223.99000000","0.00000000"],["119233.99000000","0.10010000"],["120151.93000000","0.00052000"],["121934.44000000","0.00058000"],["148728.87000000","0.00018000"]]}
{"e":"depthUpdate","E":1752433503289,"s":"BTCUSDT","U":2785678391,"u":2785678405,"b":[],"a":[["119073.80000000","0.29301000"],["119088.39000000","0.00000000"],["119088.40000000","0.00000000"],["119223.99000000","0.10010000"],["119233.98000000","0.00000000"],["119233.99000000","0.00000000"],["120151.93000000","0.00000000"],["121934.44000000","0.00000000"],["148728.87000000","0.00009000"]]}
{"e":"depthUpdate","E":1752433504289,"s":"BTCUSDT","U":2785678406,"u":2785678414,"b":[],"a":[["119073.80000000","0.29301000"],["119088.39000000","0.00000000"],["119088.40000000","0.00000000"],["119223.99000000","0.00000000"],["119233.99000000","0.10010000"],["120151.93000000","0.00052000"],["121934.44000000","0.00000000"]]}
{"e":"depthUpdate","E":1752433505289,"s":"BTCUSDT","U":2785678415,"u":2785678418,"b":[],"a":[["120151.93000000","0.00052000"],["121934.44000000","0.00058000"],["148728.87000000","0.00009000"]]}
{"e":"depthUpdate","E":1752433506289,"s":"BTCUSDT","U":2785678419,"u":2785678422,"b":[],"a":[["120151.93000000","0.00000000"],["121934.44000000","0.00058000"],["148728.87000000","0.00018000"]]}
{"e":"depthUpdate","E":1752433507289,"s":"BTCUSDT","U":2785678423,"u":2785678436,"b":[["118987.53000000","0.01200000"],["118987.06000000","0.31421000"],["118987.05000000","0.00000000"],["118986.31000000","0.00000000"],["118986.30000000","0.00000000"],["118986.12000000","0.00193000"],["118986.11000000","0.00000000"]],"a":[["119055.60000000","0.00000000"],["119073.80000000","0.00000000"],["119073.81000000","0.00000000"],["119088.21000000","0.29301000"],["119088.22000000","0.01200000"],["119088.40000000","0.00000000"],["120151.93000000","0.00052000"]]}
{"e":"depthUpdate","E":1752433508289,"s":"BTCUSDT","U":2785678437,"u":2785678442,"b":[["118987.54000000","0.31614000"],["118987.06000000","0.00000000"],["118986.12000000","0.00000000"],["118883.06000000","0.00373000"]],"a":[["119055.60000000","0.00060000"],["120151.93000000","0.00000000"]]}
{"e":"depthUpdate","E":1752433509289,"s":"BTCUSDT","U":2785678443,"u":2785678455,"b":[["118883.04000000","0.00000000"]],"a":[["119055.60000000","0.00060000"],["119086.60000000","0.29301000"],["119086.61000000","0.01200000"],["119087.53000000","0.00000000"],["119087.54000000","0.00000000"],["119088.21000000","0.00000000"],["119088.22000000","0.00000000"],["119197.85000000","0.00006000"],["120151.93000000","0.00052000"],["121934.44000000","0.00000000"],["148728.87000000","0.00027000"]]}
{"e":"depthUpdate","E":1752433510289,"s":"BTCUSDT","U":2785678456,"u":2785678460,"b":[],"a":[["119055.60000000","0.00000000"],["119086.49000000","0.29301000"],["119086.50000000","0.01200000"],["119086.60000000","0.00000000"],["119086.61000000","0.00000000"],["121934.44000000","0.00058000"]]}
{"e":"depthUpdate","E":1752433511289,"s":"BTCUSDT","U":2785678461,"u":2785678468,"b":[],"a":[["119055.60000000","0.00060000"],["119198.86000000","0.00765000"],["120151.93000000","0.00052000"],["121934.44000000","0.00058000"],["148728.87000000","0.00045000"]]}
{"e":"depthUpdate","E":1752433512289,"s":"BTCUSDT","U":2785678469,"u":2785678477,"b":[],"a":[["119055.60000000","0.00060000"],["119086.47000000","0.29301000"],["119086.48000000","0.01200000"],["119086.49000000","0.00000000"],["119086.50000000","0.00000000"],["119199.99000000","0.00466000"],["120151.93000000","0.00052000"],["121934.44000000","0.00000000"]]}
{"e":"depthUpdate","E":1752433513290,"s":"BTCUSDT","U":2785678478,"u":2785678487,"b":[],"a":[["119055.60000000","0.00000000"],["119086.46000000","0.00000000"],["119086.47000000","0.29301000"],["119088.40000000","0.00000000"],["119233.98000000","0.00000000"],["119233.99000000","0.10010000"],["119251.20000000","0.00000000"],["120151.93000000","0.00000000"],["121934.44000000","0.00058000"],["148728.87000000","0.00036000"]]}
{"e":"depthUpdate","E":1752434345345,"s":"BTCUSDT","U":2785684015,"u":2785684020,"b":[["119073.80000000","0.02447000"],["118908.23000000","0.00001000"],["118827.47000000","0.00000000"],["115774.10000000","0.00001000"],["115213.37000000","0.00000000"]],"a":[["148814.78000000","0.00009000"],["148818.20000000","0.00009000"]]}
{"e":"depthUpdate","E":1752434346345,"s":"BTCUSDT","U":2785684021,"u":2785684030,"b":[["119073.81000000","0.00318000"],["119062.65000000","0.00000000"],["119062.64000000","0.00000000"],["119056.18000000","0.31466000"],["118896.32000000","0.00002000"],["118815.56000000","0.00000000"],["115686.77000000","0.00001000"],["115118.12000000","0.00000000"]],"a":[["119111.85000000","0.01414000"],["119111.86000000","0.01192000"],["119111.87000000","0.00000000"]]}
{"e":"depthUpdate","E":1752434347345,"s":"BTCUSDT","U":2785684031,"u":2785684036,"b":[["118970.33000000","0.00441000"],["118884.41000000","0.00001000"],["118803.66000000","0.00000000"],["115599.43000000","0.00001000"],["115022.88000000","0.00000000"]],"a":[["148818.20000000","0.00000000"]]}
{"e":"depthUpdate","E":1752434348345,"s":"BTCUSDT","U":2785684037,"u":2785684043,"b":[["118872.50000000","0.00001000"],["115512.10000000","0.00001000"],["114927.63000000","0.00000000"]],"a":[["119111.84000000","0.01192000"],["119111.86000000","0.00000000"],["119280.29000000","0.10010000"],["119300.25000000","0.00000000"]]}
{"e":"depthUpdate","E":1752434349345,"s":"BTCUSDT","U":2785684044,"u":2785684051,"b":[["115424.76000000","0.00001000"],["114832.38000000","0.00000000"]],"a":[["119199.98000000","0.00000000"],["119280.28000000","0.00000000"],["119280.29000000","0.10010000"],["119300.25000000","0.00000000"],["148814.78000000","0.00027000"]]}
{"e":"depthUpdate","E":1752434350345,"s":"BTCUSDT","U":2785684052,"u":2785684057,"b":[["119073.81000000","0.00318000"],["115337.42000000","0.00001000"],["114737.13000000","0.00000000"]],"a":[["119111.83000000","0.01414000"],["119111.85000000","0.00000000"]]}
{"e":"depthUpdate","E":1752434351345,"s":"BTCUSDT","U":2785684058,"u":2785684064,"b":[["115250.08000000","0.00001000"],["114641.64000000","0.00000000"]],"a":[["119280.28000000","0.00000000"],["119280.29000000","0.00000000"],["119300.25000000","0.10010000"],["148814.78000000","0.00036000"]]}
{"e":"depthUpdate","E":1752434352345,"s":"BTCUSDT","U":2785684065,"u":2785684069,"b":[["115162.75000000","0.00001000"]],"a":[["119280.29000000","0.10010000"],["119300.24000000","0.00000000"],["119300.25000000","0.00000000"]]}
{"e":"depthUpdate","E":1752434353345,"s":"BTCUSDT","U":2785684070,"u":2785684073,"b":[],"a":[["119111.82000000","0.01111000"],["119111.84000000","0.00000000"],["119280.29000000","0.00000000"],["119300.25000000","0.10010000"],["148814.78000000","0.00027000"]]}
{"e":"depthUpdate","E":1752434354345,"s":"BTCUSDT","U":2785684074,"u":2785684079,"b":[["119073.81000000","0.00318000"]],"a":[["119111.82000000","0.02525000"],["119111.83000000","0.00000000"],["119281.99000000","0.10010000"],["119300.25000000","0.00000000"],["148814.78000000","0.00036000"]]}
{"e":"depthUpdate","E":1752434355346,"s":"BTCUSDT","U":2785684080,"u":2785684090,"b":[],"a":[["119281.98000000","0.00000000"],["119281.99000000","0.10010000"],["119300.25000000","0.00000000"]]}
{"e":"depthUpdate","E":1752434356346,"s":"BTCUSDT","U":2785684091,"u":2785684103,"b":[["119057.74000000","0.31466000"],["119057.73000000","0.01200000"],["119057.28000000","0.00000000"],["119057.27000000","0.00000000"],["119056.63000000","0.00000000"],["119056.62000000","0.00000000"],["119056.59000000","0.00000000"],["119056.58000000","0.00000000"],["119056.18000000","0.00000000"],["119056.17000000","0.00000000"]],"a":[["119281.99000000","0.00000000"],["119300.25000000","0.10010000"]]}
{"e":"depthUpdate","E":1752434357346,"s":"BTCUSDT","U":2785684104,"u":2785684105,"b":[],"a":[["148814.78000000","0.00036000"]]}
{"e":"depthUpdate","E":1752434358346,"s":"BTCUSDT","U":2785684106,"u":2785684110,"b":[["119073.81000000","0.00000000"],["119057.80000000","0.31466000"],["119057.79000000","0.01200000"],["119057.74000000","0.00000000"],["119057.73000000","0.00000000"]],"a":[["119114.41000000","0.00000000"]]}
{"e":"depthUpdate","E":1752434359346,"s":"BTCUSDT","U":2785684111,"u":2785684113,"b":[["119073.81000000","0.00312000"]],"a":[["119152.37000000","0.00001000"],["148814.78000000","0.00036000"]]}
{"e":"depthUpdate","E":1752434361346,"s":"BTCUSDT","U":2785684114,"u":2785684114,"b":[],"a":[["148814.78000000","0.00045000"]]}
{"e":"depthUpdate","E":1752434362346,"s":"BTCUSDT","U":2785684115,"u":2785684116,"b":[["119073.81000000","0.00144000"]],"a":[["148813.02000000","0.00009000"],["148814.78000000","0.00036000"]]}
{"e":"depthUpdate","E":1752434363346,"s":"BTCUSDT","U":2785684117,"u":2785684118,"b":[["119073.81000000","0.00304000"]],"a":[]}
{"e":"depthUpdate","E":1752434364346,"s":"BTCUSDT","U":2785684119,"u":2785684123,"b":[["119058.16000000","0.31466000"],["119058.15000000","0.01200000"],["119057.80000000","0.00000000"],["119057.79000000","0.00000000"]],"a":[["119111.81000000","0.01111000"],["119111.82000000","0.00911000"]]}
{"e":"depthUpdate","E":1752434365346,"s":"BTCUSDT","U":2785684124,"u":2785684130,"b":[["119058.22000000","0.31466000"],["119058.21000000","0.01200000"],["119058.16000000","0.00000000"],["119058.15000000","0.00000000"]],"a":[["119111.81000000","0.00014000"],["119111.82000000","0.00000000"],["148814.78000000","0.00027000"]]}
{"e":"depthUpdate","E":1752434366346,"s":"BTCUSDT","U":2785684131,"u":2785684135,"b":[["119058.30000000","0.31466000"],["119058.29000000","0.01200000"],["119058.22000000","0.00000000"],["119058.21000000","0.00000000"]],"a":[["119111.80000000","0.01395000"],["148814.78000000","0.00018000"]]}
{"e":"depthUpdate","E":1752434367346,"s":"BTCUSDT","U":2785684136,"u":2785684138,"b":[["119073.81000000","0.00317000"]],"a":[["148814.78000000","0.00009000"]]}
{"e":"depthUpdate","E":1752434368346,"s":"BTCUSDT","U":2785684139,"u":2785684141,"b":[],"a":[["119111.79000000","0.00014000"],["119111.81000000","0.00000000"],["148814.78000000","0.00000000"],["148851.09000000","0.00009000"]]}
{"e":"depthUpdate","E":1752434369346,"s":"BTCUSDT","U":2785684142,"u":2785684144,"b":[["119058.70000000","0.31466000"],["119058.69000000","0.01200000"],["119058.30000000","0.00000000"],["119058.29000000","0.00000000"]],"a":[]}
{"e":"depthUpdate","E":1752434370346,"s":"BTCUSDT","U":2785684145,"u":2785684148,"b":[["119059.33000000","0.31466000"],["119059.32000000","0.01200000"],["119058.70000000","0.00000000"],["119058.69000000","0.00000000"]],"a":[["148813.02000000","0.00000000"]]}
{"e":"depthUpdate","E":1752434371347,"s":"BTCUSDT","U":2785684149,"u":2785684150,"b":[["119073.81000000","0.00317000"]],"a":[]}
{"e":"depthUpdate","E":1752434372347,"s":"BTCUSDT","U":2785684151,"u":2785684152,"b":[],"a":[["119111.78000000","0.01395000"],["119111.80000000","0.00000000"]]}
{"e":"depthUpdate","E":1752434374347,"s":"BTCUSDT","U":2785684153,"u":2785684155,"b":[],"a":[["148851.09000000","0.00036000"]]}
{"e":"depthUpdate","E":1752434375347,"s":"BTCUSDT","U":2785684156,"u":2785684160,"b":[["119073.81000000","0.00317000"],["119059.52000000","0.31466000"],["119059.51000000","0.01200000"],["119059.33000000","0.00000000"],["119059.32000000","0.00000000"]],"a":[]}
{"e":"depthUpdate","E":1752434376347,"s":"BTCUSDT","U":2785684161,"u":2785684163,"b":[["119061.62000000","0.31466000"],["119061.61000000","0.01200000"],["119059.52000000","0.00000000"],["119059.51000000","0.00000000"]],"a":[]}
{"e":"depthUpdate","E":1752434377347,"s":"BTCUSDT","U":2785684164,"u":2785684177,"b":[["119061.74000000","0.31466000"],["119061.73000000","0.01200000"],["119061.62000000","0.00000000"],["119061.61000000","0.00000000"]],"a":[["119300.21000000","0.00000000"],["119300.22000000","0.00000000"],["119300.23000000","0.00000000"],["119300.24000000","0.00000000"],["119300.25000000","0.10010000"],["119301.50000000","0.00000000"],["119308.99000000","0.00000000"],["148851.09000000","0.00027000"]]}
{"e":"depthUpdate","E":1752434378347,"s":"BTCUSDT","U":2785684178,"u":2785684178,"b":[],"a":[["148851.09000000","0.00036000"]]}
{"e":"depthUpdate","E":1752434379347,"s":"BTCUSDT","U":2785684179,"u":2785684183,"b":[["119073.81000000","0.00317000"]],"a":[["119152.35000000","0.29256000"],["119152.36000000","0.20698000"],["119171.48000000","0.00000000"],["119171.49000000","0.00000000"]]}
{"e":"depthUpdate","E":1752434380347,"s":"BTCUSDT","U":2785684184,"u":2785684184,"b":[["118970.31000000","0.06295000"],["118929.33000000","0.00000000"]],"a":[]}
{"e":"depthUpdate","E":1752434382347,"s":"BTCUSDT","U":2785684185,"u":2785684187,"b":[],"a":[["148851.09000000","0.00036000"]]}
{"e":"depthUpdate","E":1752434383347,"s":"BTCUSDT","U":2785684188,"u":2785684189,"b":[["119073.81000000","0.00317000"]],"a":[]}
{"e":"depthUpdate","E":1752434384347,"s":"BTCUSDT","U":2785684190,"u":2785684190,"b":[],"a":[["119113.14000000","0.00000000"]]}
{"e":"depthUpdate","E":1752434385348,"s":"BTCUSDT","U":2785684191,"u":2785684192,"b":[],"a":[["119223.81000000","0.00001000"],["148851.09000000","0.00045000"]]}
{"e":"depthUpdate","E":1752434386348,"s":"BTCUSDT","U":2785684193,"u":2785684193,"b":[],"a":[["148851.09000000","0.00045000"]]}
{"e":"depthUpdate","E":1752434387348,"s":"BTCUSDT","U":2785684194,"u":2785684195,"b":[["119073.81000000","0.00000000"]],"a":[]}
{"e":"depthUpdate","E":1752434388348,"s":"BTCUSDT","U":2785684196,"u":2785684196,"b":[["119073.81000000","0.00317000"]],"a":[]}
{"e":"depthUpdate","E":1752434390348,"s":"BTCUSDT","U":2785684197,"u":2785684199,"b":[],"a":[["148851.09000000","0.00018000"]]}
{"e":"depthUpdate","E":1752629423170,"s":"BTCUSDT","U":2787483412,"u":2787483412,"b":[],"a":[["117971.98000000","0.00000000"]]}
{"e":"depthUpdate","E":1752629424170,"s":"BTCUSDT","U":2787483413,"u":2787483416,"b":[],"a":[["117971.79000000","0.27635000"],["117971.80000000","0.00419000"],["117971.81000000","0.00000000"],["121254.16000000","0.00036000"]]}
{"e":"depthUpdate","E":1752629425170,"s":"BTCUSDT","U":2787483417,"u":2787483417,"b":[],"a":[["147021.93000000","0.00045000"]]}
{"e":"depthUpdate","E":1752629426170,"s":"BTCUSDT","U":2787483418,"u":2787483424,"b":[["117670.00000000","0.45020000"],["117669.99000000","0.01200000"],["117669.68000000","0.00000000"],["117669.67000000","0.00941000"],["117669.66000000","0.00000000"],["117669.65000000","0.00000000"],["117652.11000000","0.00000000"]],"a":[["147021.93000000","0.00036000"]]}
{"e":"depthUpdate","E":1752688245042,"s":"BTCUSDT","U":2787875113,"u":2787875127,"b":[["119142.49000000","0.00008000"],["119142.48000000","0.54681000"],["119142.47000000","0.04000000"],["119067.44000000","0.01200000"],["119067.08000000","0.06288000"],["119067.07000000","0.00000000"],["119065.30000000","0.00000000"],["119065.29000000","0.00000000"],["119062.98000000","0.00497000"],["119043.08000000","0.00000000"],["118484.01000000","0.00209000"]],"a":[["119262.65000000","0.00000000"],["119292.30000000","0.01200000"],["119307.13000000","0.07361000"]]}
{"e":"depthUpdate","E":1752688246042,"s":"BTCUSDT","U":2787875128,"u":2787875131,"b":[["118667.74000000","0.09839000"],["118667.73000000","0.00000000"]],"a":[["119262.64000000","0.00000000"],["119292.29000000","0.00106000"]]}
{"e":"depthUpdate","E":1752688247042,"s":"BTCUSDT","U":2787875132,"u":2787875165,"b":[["119067.45000000","0.14098000"],["119062.98000000","0.00000000"],["118954.01000000","0.10010000"],["118954.00000000","0.17382000"],["118904.00000000","0.16875000"],["118845.00000000","0.16976000"],["118793.11000000","0.00000000"],["118780.67000000","0.24787000"],["118667.74000000","0.00000000"],["118606.00000000","0.24565000"],["118560.00000000","0.00000000"],["118484.00000000","0.00000000"],["118395.00000000","0.00000000"],["118391.00000000","0.00000000"],["118361.00000000","0.00000000"],["118331.00000000","0.00000000"]],"a":[["119289.52000000","0.01200000"],["119292.29000000","0.00106000"],["119292.30000000","0.00000000"],["119307.11000000","0.06867000"],["119307.12000000","0.04336000"],["119307.13000000","0.00494000"],["119470.99000000","0.10010000"],["119471.00000000","0.16800000"],["119531.00000000","0.16894000"],["119591.00000000","0.16776000"],["119637.27000000","0.00000000"],["119706.44000000","0.24816000"],["119861.00000000","0.25104000"],["119886.00000000","0.00000000"],["120045.00000000","0.00168000"],["120075.00000000","0.00000000"],["120105.00000000","0.00000000"],["120169.00000000","0.00000000"],["120258.00000000","0.00000000"]]}
