{"e":"depthUpdate","E":1752715875857,"s":"BTCUSDT","U":2788093082,"u":2788093096,"b":[],"a":[["118859.30000000","0.04820000"],["118859.31000000","0.01200000"],["118871.14000000","0.00000000"],["118871.15000000","0.00000000"],["118885.36000000","0.00000000"],["118885.37000000","0.00000000"],["118899.58000000","0.00000000"],["118899.59000000","0.00000000"],["118913.78000000","0.10010000"],["118913.79000000","0.00464000"],["119576.99000000","0.00428000"],["119913.02000000","0.00454000"],["119931.51000000","0.00448000"]]}
{"e":"depthUpdate","E":1752715876857,"s":"BTCUSDT","U":2788093097,"u":2788093107,"b":[["118640.70000000","0.00147000"],["118612.31000000","0.00000000"],["118538.98000000","0.12409000"]],"a":[["118750.02000000","0.52922000"],["118858.75000000","0.04820000"],["118858.76000000","0.01200000"],["118859.30000000","0.00000000"],["118859.31000000","0.00000000"],["118999.92000000","0.00000000"],["118999.94000000","0.00000000"],["119038.99000000","0.00000000"],["148346.81000000","0.00018000"]]}
{"e":"depthUpdate","E":1752715877857,"s":"BTCUSDT","U":2788093108,"u":2788093111,"b":[],"a":[["118750.01000000","0.00061000"],["118750.03000000","0.00000000"],["118859.29000000","0.04272000"],["118985.70000000","0.00000000"]]}
{"e":"depthUpdate","E":1752715878857,"s":"BTCUSDT","U":2788093112,"u":2788093124,"b":[["118640.73000000","0.57000000"],["118640.72000000","0.04000000"],["118640.71000000","0.00000000"],["118640.70000000","0.04147000"],["118640.69000000","0.00000000"],["118626.39000000","0.01200000"],["118612.20000000","0.00000000"],["118612.19000000","0.00000000"],["118598.23000000","0.00000000"],["118598.22000000","0.00000000"],["118487.03000000","0.10010000"],["118479.73000000","0.00000000"]],"a":[["148346.81000000","0.00027000"]]}
{"e":"depthUpdate","E":1752715879857,"s":"BTCUSDT","U":2788093125,"u":2788093132,"b":[["118640.73000000","0.00000000"],["118640.72000000","0.00000000"],["118640.70000000","0.00147000"],["118627.03000000","0.57000000"],["118627.02000000","0.01200000"],["118626.40000000","0.00000000"],["118626.39000000","0.00000000"],["118486.96000000","0.00000000"]],"a":[["148346.81000000","0.00018000"]]}
{"e":"depthUpdate","E":1752715880857,"s":"BTCUSDT","U":2788093133,"u":2788093149,"b":[["118640.70000000","0.00000000"],["118630.04000000","0.57000000"],["118630.03000000","0.01200000"],["118629.93000000","0.00000000"],["118629.92000000","0.00000000"],["118629.71000000","0.00000000"],["118629.70000000","0.00000000"],["118629.27000000","0.00128000"],["118629.26000000","0.00000000"],["118627.05000000","0.00000000"],["118627.04000000","0.00250000"],["118627.03000000","0.00000000"],["118627.02000000","0.00000000"],["118598.20000000","0.00000000"]],"a":[]}
{"e":"depthUpdate","E":1752715881857,"s":"BTCUSDT","U":2788093150,"u":2788093154,"b":[["118487.03000000","0.00000000"],["118487.02000000","0.00000000"],["118481.52000000","0.10010000"]],"a":[["118750.01000000","0.00061000"],["148346.81000000","0.00018000"]]}
{"e":"depthUpdate","E":1752715882857,"s":"BTCUSDT","U":2788093155,"u":2788093162,"b":[["118631.65000000","0.00018000"],["118631.64000000","0.57000000"],["118631.63000000","0.01200000"],["118630.06000000","0.00000000"],["118630.05000000","0.04000000"],["118630.04000000","0.00000000"],["118630.03000000","0.00000000"],["118629.27000000","0.00000000"]],"a":[["148346.81000000","0.00027000"]]}
{"e":"depthUpdate","E":1752715883857,"s":"BTCUSDT","U":2788093163,"u":2788093167,"b":[["118598.22000000","0.09848000"],["118555.02000000","0.00000000"]],"a":[["118858.73000000","0.04820000"],["118858.74000000","0.04272000"],["118858.75000000","0.00000000"],["118859.29000000","0.00000000"]]}
{"e":"depthUpdate","E":1752715884857,"s":"BTCUSDT","U":2788093168,"u":2788093184,"b":[["118638.84000000","0.57000000"],["118638.83000000","0.00250000"],["118638.82000000","0.00000000"],["118638.81000000","0.01200000"],["118638.80000000","0.00000000"],["118638.79000000","0.00000000"],["118638.76000000","0.00000000"],["118638.75000000","0.04000000"],["118631.71000000","0.00000000"],["118631.70000000","0.00000000"],["118631.64000000","0.00000000"],["118631.63000000","0.00000000"],["118630.05000000","0.00000000"],["118627.04000000","0.00000000"]],"a":[]}
{"e":"depthUpdate","E":1752715885857,"s":"BTCUSDT","U":2788093185,"u":2788093199,"b":[["118639.19000000","0.57000000"],["118639.18000000","0.01200000"],["118638.88000000","0.00000000"],["118638.87000000","0.04018000"],["118638.86000000","0.00000000"],["118638.85000000","0.04000000"],["118638.84000000","0.00000000"],["118638.81000000","0.00000000"],["118638.75000000","0.00000000"],["118631.65000000","0.00000000"],["118584.24000000","0.00000000"],["118538.97000000","0.00000000"]],"a":[["118750.01000000","0.00061000"],["148346.81000000","0.00036000"]]}
{"e":"depthUpdate","E":1752715886857,"s":"BTCUSDT","U":2788093200,"u":2788093204,"b":[["118639.21000000","0.57000000"],["118639.20000000","0.04000000"],["118639.19000000","0.00000000"],["118638.87000000","0.00018000"],["118555.01000000","0.06316000"]],"a":[["148346.81000000","0.00036000"]]}
