{"e":"depthUpdate","E":1752433492288,"s":"BTCUSDT","U":2785678340,"u":2785678342,"b":[],"a":[["119055.60000000","0.00060000"],["120151.93000000","0.00052000"]]}
{"e":"depthUpdate","E":1752433493288,"s":"BTCUSDT","U":2785678343,"u":2785678348,"b":[],"a":[["119073.80000000","0.00000000"],["119088.40000000","0.29301000"],["119223.99000000","0.00000000"],["119233.99000000","0.10010000"],["120151.93000000","0.00000000"],["148728.87000000","0.00036000"]]}
{"e":"depthUpdate","E":1752433494288,"s":"BTCUSDT","U":2785678349,"u":2785678351,"b":[],"a":[["119055.60000000","0.00000000"],["120151.93000000","0.00052000"],["148728.87000000","0.00036000"]]}
{"e":"depthUpdate","E":1752433495288,"s":"BTCUSDT","U":2785678352,"u":2785678354,"b":[],"a":[["119073.80000000","0.29301000"],["119088.40000000","0.00000000"],["119223.99000000","0.10010000"],["119233.99000000","0.00000000"],["120151.93000000","0.00000000"]]}
{"e":"depthUpdate","E":1752433496288,"s":"BTCUSDT","U":2785678355,"u":2785678359,"b":[],"a":[["119073.80000000","0.29301000"],["119088.40000000","0.00000000"],["119223.99000000","0.00000000"],["119233.99000000","0.10010000"],["120151.93000000","0.00052000"],["148728.87000000","0.00036000"]]}
{"e":"depthUpdate","E":1752433497288,"s":"BTCUSDT","U":2785678360,"u":2785678364,"b":[],"a":[["119055.60000000","0.00060000"],["119223.99000000","0.10010000"],["119233.99000000","0.00000000"],["120151.93000000","0.00052000"],["148728.87000000","0.00045000"]]}
{"e":"depthUpdate","E":1752433498288,"s":"BTCUSDT","U":2785678365,"u":2785678367,"b":[],"a":[["120151.93000000","0.00000000"],["121934.44000000","0.00058000"],["148728.87000000","0.00036000"]]}
{"e":"depthUpdate","E":1752433499289,"s":"BTCUSDT","U":2785678368,"u":2785678370,"b":[],"a":[["119055.60000000","0.00000000"],["120151.93000000","0.00052000"],["121934.44000000","0.00000000"]]}
{"e":"depthUpdate","E":1752433500289,"s":"BTCUSDT","U":2785678371,"u":2785678376,"b":[],"a":[["119055.60000000","0.00060000"],["119073.80000000","0.00000000"],["119088.40000000","0.29301000"],["119223.99000000","0.00000000"],["119233.99000000","0.10010000"],["120151.93000000","0.00000000"],["121934.44000000","0.00058000"],["148728.87000000","0.00027000"]]}
{"e":"depthUpdate","E":1752433501289,"s":"BTCUSDT","U":2785678377,"u":2785678382,"b":[],"a":[["119073.80000000","0.00000000"],["119088.40000000","0.29301000"],["119223.99000000","0.00000000"],["119233.99000000","0.10010000"],["120151.93000000","0.00052000"],["121934.44000000","0.00000000"]]}
{"e":"depthUpdate","E":1752433502289,"s":"BTCUSDT","U":2785678383,"u":2785678390,"b":[],"a":[["119073.80000000","0.00000000"],["119088.40000000","0.29301000"],["119223.99000000","0.00000000"],["119233.99000000","0.10010000"],["120151.93000000","0.00052000"],["121934.44000000","0.00058000"],["148728.87000000","0.00018000"]]}
{"e":"depthUpdate","E":1752433503289,"s":"BTCUSDT","U":2785678391,"u":2785678405,"b":[],"a":[["119073.80000000","0.29301000"],["119088.39000000","0.00000000"],["119088.40000000","0.00000000"],["119223.99000000","0.10010000"],["119233.98000000","0.00000000"],["119233.99000000","0.00000000"],["120151.93000000","0.00000000"],["121934.44000000","0.00000000"],["148728.87000000","0.00009000"]]}
{"e":"depthUpdate","E":1752433504289,"s":"BTCUSDT","U":2785678406,"u":2785678414,"b":[],"a":[["119073.80000000","0.29301000"],["119088.39000000","0.00000000"],["119088.40000000","0.00000000"],["119223.99000000","0.00000000"],["119233.99000000","0.10010000"],["120151.93000000","0.00052000"],["121934.44000000","0.00000000"]]}
{"e":"depthUpdate","E":1752433505289,"s":"BTCUSDT","U":2785678415,"u":2785678418,"b":[],"a":[["120151.93000000","0.00052000"],["121934.44000000","0.00058000"],["148728.87000000","0.00009000"]]}
{"e":"depthUpdate","E":1752433506289,"s":"BTCUSDT","U":2785678419,"u":2785678422,"b":[],"a":[["120151.93000000","0.00000000"],["121934.44000000","0.00058000"],["148728.87000000","0.00018000"]]}
{"e":"depthUpdate","E":1752433507289,"s":"BTCUSDT","U":2785678423,"u":2785678436,"b":[["118987.53000000","0.01200000"],["118987.06000000","0.31421000"],["118987.05000000","0.00000000"],["118986.31000000","0.00000000"],["118986.30000000","0.00000000"],["118986.12000000","0.00193000"],["118986.11000000","0.00000000"]],"a":[["119055.60000000","0.00000000"],["119073.80000000","0.00000000"],["119073.81000000","0.00000000"],["119088.21000000","0.29301000"],["119088.22000000","0.01200000"],["119088.40000000","0.00000000"],["120151.93000000","0.00052000"]]}
{"e":"depthUpdate","E":1752433508289,"s":"BTCUSDT","U":2785678437,"u":2785678442,"b":[["118987.54000000","0.31614000"],["118987.06000000","0.00000000"],["118986.12000000","0.00000000"],["118883.06000000","0.00373000"]],"a":[["119055.60000000","0.00060000"],["120151.93000000","0.00000000"]]}
{"e":"depthUpdate","E":1752433509289,"s":"BTCUSDT","U":2785678443,"u":2785678455,"b":[["118883.04000000","0.00000000"]],"a":[["119055.60000000","0.00060000"],["119086.60000000","0.29301000"],["119086.61000000","0.01200000"],["119087.53000000","0.00000000"],["119087.54000000","0.00000000"],["119088.21000000","0.00000000"],["119088.22000000","0.00000000"],["119197.85000000","0.00006000"],["120151.93000000","0.00052000"],["121934.44000000","0.00000000"],["148728.87000000","0.00027000"]]}
{"e":"depthUpdate","E":1752433510289,"s":"BTCUSDT","U":2785678456,"u":2785678460,"b":[],"a":[["119055.60000000","0.00000000"],["119086.49000000","0.29301000"],["119086.50000000","0.01200000"],["119086.60000000","0.00000000"],["119086.61000000","0.00000000"],["121934.44000000","0.00058000"]]}
{"e":"depthUpdate","E":1752433511289,"s":"BTCUSDT","U":2785678461,"u":2785678468,"b":[],"a":[["119055.60000000","0.00060000"],["119198.86000000","0.00765000"],["120151.93000000","0.00052000"],["121934.44000000","0.00058000"],["148728.87000000","0.00045000"]]}
{"e":"depthUpdate","E":1752433512289,"s":"BTCUSDT","U":2785678469,"u":2785678477,"b":[],"a":[["119055.60000000","0.00060000"],["119086.47000000","0.29301000"],["119086.48000000","0.01200000"],["119086.49000000","0.00000000"],["119086.50000000","0.00000000"],["119199.99000000","0.00466000"],["120151.93000000","0.00052000"],["121934.44000000","0.00000000"]]}
{"e":"depthUpdate","E":1752433513290,"s":"BTCUSDT","U":2785678478,"u":2785678487,"b":[],"a":[["119055.60000000","0.00000000"],["119086.46000000","0.00000000"],["119086.47000000","0.29301000"],["119088.40000000","0.00000000"],["119233.98000000","0.00000000"],["119233.99000000","0.10010000"],["119251.20000000","0.00000000"],["120151.93000000","0.00000000"],["121934.44000000","0.00058000"],["148728.87000000","0.00036000"]]}
